<record><leader>00000cas a22000007a 4500</leader><controlfield tag="001">10575112</controlfield><controlfield tag="008">840329d18851900iaudn ne      0    0eng d</controlfield><controlfield tag="009">540</controlfield><datafield ind1=" " ind2=" " tag="010"><subfield code="a">sn 84037012 </subfield></datafield><datafield ind1=" " ind2=" " tag="040"><subfield code="a">CRL</subfield><subfield code="b">eng</subfield><subfield code="c">CRL</subfield><subfield code="d">NPW</subfield><subfield code="d">NPX</subfield><subfield code="d">INP</subfield><subfield code="d">DLC</subfield><subfield code="d">INP</subfield><subfield code="d">UKMGB</subfield></datafield><datafield ind1="7" ind2=" " tag="016"><subfield code="a">013890104</subfield><subfield code="2">Uk</subfield></datafield><datafield ind1="1" ind2=" " tag="029"><subfield code="a">AU@</subfield><subfield code="b">000025812523</subfield></datafield><datafield ind1=" " ind2=" " tag="042"><subfield code="a">msc</subfield></datafield><datafield ind1="0" ind2="0" tag="050"><subfield code="a">Newspaper</subfield></datafield><datafield ind1="0" ind2=" " tag="130"><subfield code="a">Des Moines leader (Des Moines, Iowa : 1885 : Daily)</subfield></datafield><datafield ind1="0" ind2="4" tag="245"><subfield code="a">The Des Moines leader.</subfield></datafield><datafield ind1=" " ind2=" " tag="260"><subfield code="a">Des Moines, Iowa :</subfield><subfield code="b">[s.n.],</subfield><subfield code="c">1885-1900.</subfield></datafield><datafield ind1=" " ind2=" " tag="300"><subfield code="a">v. :</subfield><subfield code="b">ill.</subfield></datafield><datafield ind1=" " ind2=" " tag="310"><subfield code="a">Daily (except Mon.)</subfield></datafield><datafield ind1="0" ind2=" " tag="362"><subfield code="a">Oct. 6, 1885-Nov. 7, 1900.</subfield></datafield><datafield ind1=" " ind2=" " tag="500"><subfield code="a">"Independent."</subfield></datafield><datafield ind1=" " ind2=" " tag="530"><subfield code="a">Also available on microfilm from Bell &amp; Howell, Micro Photo Division.</subfield></datafield><datafield ind1=" " ind2=" " tag="752"><subfield code="a">United States</subfield><subfield code="b">Iowa</subfield><subfield code="c">Polk</subfield><subfield code="d">Des Moines.</subfield></datafield><datafield ind1="0" ind2=" " tag="775"><subfield code="t">Des Moines leader (Des Moines, Iowa : 1884 : Weekly)</subfield><subfield code="w">(DLC)sn 85049890</subfield></datafield><datafield ind1="0" ind2="0" tag="780"><subfield code="t">Iowa state leader (Des Moines, Iowa : 1876)</subfield><subfield code="w">(DLC)sn 85049889</subfield></datafield><datafield ind1="0" ind2="5" tag="780"><subfield code="t">Hawkeye blade</subfield><subfield code="w">(DLC)sn 87057120</subfield></datafield><datafield ind1="0" ind2="0" tag="785"><subfield code="t">Des Moines daily leader</subfield><subfield code="w">(DLC)sn 84037014</subfield></datafield></record>